<record xmlns="http://www.loc.gov/MARC21/slim" xmlns:xsi="http://www.w3.org/2001/XMLSchema-instance" xsi:schemaLocation="http://www.loc.gov/MARC21/slim http://www.loc.gov/standards/marcxml/schema/MARC21slim.xsd"><leader>01255cz   2200289n  4500</leader><controlfield tag="001">oca00082038 </controlfield><controlfield tag="003">OCoLC</controlfield><controlfield tag="005">20051018183303.0</controlfield><controlfield tag="008">800930n| acannaab           |a aaa      </controlfield><datafield ind1=" " ind2=" " tag="010"><subfield code="a">n  50046905 </subfield><subfield code="z">n  92024418 </subfield></datafield><datafield ind1=" " ind2=" " tag="040"><subfield code="a">DLC</subfield><subfield code="c">DLC</subfield><subfield code="d">DLC</subfield></datafield><datafield ind1=" " ind2="0" tag="053"><subfield code="a">PA8395.N6</subfield></datafield><datafield ind1="0" ind2=" " tag="100"><subfield code="a">Notker,</subfield><subfield code="c">Balbulus,</subfield><subfield code="d">ca. 840-912</subfield></datafield><datafield ind1="0" ind2=" " tag="400"><subfield code="a">Notker,</subfield><subfield code="c">the Stammerer,</subfield><subfield code="d">ca. 840-912</subfield></datafield><datafield ind1="0" ind2=" " tag="400"><subfield code="a">Notker,</subfield><subfield code="c">der Stammler,</subfield><subfield code="d">ca. 840-912</subfield></datafield><datafield ind1="0" ind2=" " tag="400"><subfield code="a">Notger,</subfield><subfield code="c">Balbulus,</subfield><subfield code="d">ca. 840-912</subfield></datafield><datafield ind1="0" ind2=" " tag="400"><subfield code="a">Notger,</subfield><subfield code="c">der Stammler,</subfield><subfield code="d">ca. 840-912</subfield></datafield><datafield ind1="0" ind2=" " tag="400"><subfield code="w">nnaa</subfield><subfield code="a">Notker Balbulus,</subfield><subfield code="d">840 (ca.)-912</subfield></datafield><datafield ind1="1" ind2=" " tag="400"><subfield code="a">Balbulus, Notker,</subfield><subfield code="d">ca. 840-912</subfield></datafield><datafield ind1="1" ind2=" " tag="400"><subfield code="a">Babulas, Notker,</subfield><subfield code="d">ca. 840-912</subfield></datafield><datafield ind1=" " ind2=" " tag="670"><subfield code="a">Early lives of Charlemagne ... 1922.</subfield></datafield><datafield ind1=" " ind2=" " tag="670"><subfield code="a">Vita Notkeri Balbuli. German. Die Legende des heiligen Notker von Konrad Haller (1522), 1983:</subfield><subfield code="b">t.p. (Notker) p. i, etc. (... Notkeri Balbuli)</subfield></datafield><datafield ind1=" " ind2=" " tag="670"><subfield code="a">Encyc. Amer., 1975</subfield><subfield code="b">(Notker (called Balbulus, the Stammerer), Swiss monk; b. Switz. about 840; d. St. Gall 4/6/912)</subfield></datafield><datafield ind1=" " ind2=" " tag="670"><subfield code="a">Lex. d. dt. Heiligen, 1975</subfield><subfield code="b">(Notger (Notker) der Stammler (Balbulus))</subfield></datafield><datafield ind1=" " ind2=" " tag="670"><subfield code="a">Kosch, 1956</subfield><subfield code="b">(Notker Balbulus)</subfield></datafield><datafield ind1=" " ind2=" " tag="670"><subfield code="a">Oh how short is thy life on earth, c1989:</subfield><subfield code="b">caption (Notker Babulas, c. 840-912)</subfield></datafield><datafield ind1=" " ind2=" " tag="678"><subfield code="a">Monk of St. Gall</subfield></datafield></record>